@article{Williams2020_BoT,
  title = {Bump-on-tail instability across coupling and interaction-range regimes},
  author = {Williams, Joseph J. and Dharuman, Gautham and Marciante, Mathieu and Cooley, James Hamilton and Murillo, Michael S.},
  journal = {Phys. Rev. Research},
  volume = {1},
  issue = {3},
  pages = {033166},
  numpages = {7},
  year = {2019},
  publisher = {American Physical Society},
  doi = {10.1103/PhysRevResearch.1.033166},
}


@article{Dharuman2018_ContrUnP,
	title = {Controllable non-ideal plasmas from photoionized compressed gases},
	author = {Dharuman, Gautham and Stanton, Liam G. and Murillo, Michael S.},
	volume = {20},
	doi = {10.1088/1367-2630/aae3b4},
	pages = {103010},
	number = {10},
	journal = {New Journal of Physics},
	shortjournal = {New J. Phys.},
	year = {2018},
	}

@article{Silvestri2021_BYM_UNP_PoP,
author = {Silvestri,Luciano G.  and Sprenkle,R. Tucker  and Bergeson,Scott D.  and Murillo,Michael M. },
title = {Relaxation of strongly coupled binary ionic mixtures in the coupled mode regime},
journal = {Physics of Plasmas},
volume = {28},
number = {6},
pages = {062302},
year = {2021},
doi = {10.1063/5.0048030}
}